<?xml version="1.0" encoding="UTF-8"?><collection xmlns="http://www.loc.gov/MARC21/slim"><record><leader>00620nam--2200181-i-4500</leader><controlfield tag="001">000038059</controlfield><controlfield tag="002">20161230</controlfield><controlfield tag="005">20161230201041</controlfield><controlfield tag="008">060222s1000------------r-----000-0-eng-d</controlfield><datafield ind1=" " ind2=" " tag="040"><subfield code="a">IFIN-HH</subfield></datafield><datafield ind1=" " ind2=" " tag="080"><subfield code="a">539.2:541.1-16</subfield></datafield><datafield ind1="1" ind2=" " tag="100"><subfield code="a">Mitchell, J.W</subfield></datafield><datafield ind1="1" ind2="0" tag="245"><subfield code="a">Reactivity of solids</subfield><subfield code="b">Proceedings of 6th international symposium on the reactity of solids schenectady, new york, usa, august 25-30, 1968</subfield><subfield code="c">J.w. mitchell, r.c. devriers, j.w. roberts, p. cannon (eds.)</subfield></datafield><datafield ind1=" " ind2=" " tag="260"><subfield code="a">New York</subfield><subfield code="b">Wiley-interscience</subfield><subfield code="c">1969</subfield></datafield><datafield ind1=" " ind2=" " tag="300"><subfield code="a">852 P</subfield></datafield><datafield ind1="1" ind2=" " tag="700"><subfield code="a">Cannon, P</subfield><subfield code="e">Ed</subfield></datafield><datafield ind1=" " ind2=" " tag="852"><subfield code="a">32162</subfield><subfield code="c">539.2</subfield></datafield><datafield ind1=" " ind2=" " tag="CAT"><subfield code="a">Sys</subfield><subfield code="c">20121016</subfield><subfield code="h">163109</subfield></datafield></record></collection>